<record><leader>00000cas a2200000 a 4500</leader><controlfield tag="001">11471345</controlfield><controlfield tag="008">841208d19691970hiumx ne      0    0eng c</controlfield><datafield ind1=" " ind2=" " tag="010"><subfield code="a">sn 84045373 </subfield></datafield><datafield ind1=" " ind2=" " tag="040"><subfield code="a">HUH</subfield><subfield code="b">eng</subfield><subfield code="c">HUH</subfield><subfield code="d">HWN</subfield><subfield code="d">NST</subfield><subfield code="d">CNW</subfield><subfield code="d">NVF</subfield><subfield code="d">NYS</subfield><subfield code="d">OCLCQ</subfield><subfield code="d">WIH</subfield><subfield code="d">OCLCF</subfield></datafield><datafield ind1=" " ind2=" " tag="012"><subfield code="i">8803</subfield></datafield><datafield ind1="1" ind2=" " tag="029"><subfield code="a">AU@</subfield><subfield code="b">000020346092</subfield></datafield><datafield ind1=" " ind2=" " tag="042"><subfield code="a">pcc</subfield></datafield><datafield ind1=" " ind2=" " tag="043"><subfield code="a">n-us-hi</subfield></datafield><datafield ind1=" " ind2=" " tag="090"><subfield code="a">AP2</subfield><subfield code="b">.H38</subfield></datafield><datafield ind1="0" ind2="0" tag="245"><subfield code="a">Hawaii free people's press.</subfield></datafield><datafield ind1="1" ind2="7" tag="246"><subfield code="a">Free people's press</subfield><subfield code="f">Aug. 1969</subfield></datafield><datafield ind1=" " ind2=" " tag="260"><subfield code="a">Honolulu, Hawaii :</subfield><subfield code="b">[s.n.,</subfield><subfield code="c">1969]-1970.</subfield></datafield><datafield ind1=" " ind2=" " tag="300"><subfield code="a">v. :</subfield><subfield code="b">ill. ;</subfield><subfield code="c">51 cm.</subfield></datafield><datafield ind1=" " ind2=" " tag="310"><subfield code="a">Monthly (varies)</subfield></datafield><datafield ind1="0" ind2=" " tag="362"><subfield code="a">Vol. 1, no. 1 ([July, 1969])-v. 2, issue 6 (Dec. 1970).</subfield></datafield><datafield ind1=" " ind2=" " tag="500"><subfield code="a">Published in Haleiwa, Hawaii, 1970.</subfield></datafield><datafield ind1=" " ind2=" " tag="515"><subfield code="a">Issues for May and Aug. 1970 issued without numbering.</subfield></datafield><datafield ind1=" " ind2=" " tag="550"><subfield code="a">"Organ of Universal Life Church, Church of the People."</subfield></datafield><datafield ind1=" " ind2="0" tag="650"><subfield code="a">Social action</subfield><subfield code="z">Hawaii</subfield><subfield code="v">Newspapers.</subfield></datafield><datafield ind1=" " ind2="0" tag="650"><subfield code="a">Social justice</subfield><subfield code="z">Hawaii</subfield><subfield code="v">Newspapers.</subfield></datafield><datafield ind1=" " ind2="0" tag="651"><subfield code="a">Haleiwa (Hawaii)</subfield><subfield code="v">Newspapers.</subfield></datafield><datafield ind1=" " ind2="0" tag="651"><subfield code="a">Honolulu (Hawaii)</subfield><subfield code="v">Newspapers.</subfield></datafield><datafield ind1=" " ind2="7" tag="655"><subfield code="a">Newspapers.</subfield><subfield code="2">fast</subfield><subfield code="0">(OCoLC)fst01423814</subfield></datafield><datafield ind1=" " ind2="7" tag="650"><subfield code="a">Social action.</subfield><subfield code="2">fast</subfield><subfield code="0">(OCoLC)fst01122251</subfield></datafield><datafield ind1=" " ind2="7" tag="650"><subfield code="a">Social justice.</subfield><subfield code="2">fast</subfield><subfield code="0">(OCoLC)fst01122603</subfield></datafield><datafield ind1=" " ind2="7" tag="651"><subfield code="a">Hawaii.</subfield><subfield code="2">fast</subfield><subfield code="0">(OCoLC)fst01208724</subfield></datafield><datafield ind1=" " ind2="7" tag="651"><subfield code="a">Hawaii</subfield><subfield code="z">Haleiwa.</subfield><subfield code="2">fast</subfield><subfield code="0">(OCoLC)fst01247054</subfield></datafield><datafield ind1=" " ind2="7" tag="651"><subfield code="a">Hawaii</subfield><subfield code="z">Honolulu.</subfield><subfield code="2">fast</subfield><subfield code="0">(OCoLC)fst01204916</subfield></datafield><datafield ind1="2" ind2=" " tag="710"><subfield code="a">Universal Life Church.</subfield></datafield><datafield ind1=" " ind2=" " tag="752"><subfield code="a">United States</subfield><subfield code="b">Hawaii</subfield><subfield code="c">Honolulu</subfield><subfield code="d">Haleiwa.</subfield></datafield><datafield ind1=" " ind2=" " tag="752"><subfield code="a">United States</subfield><subfield code="b">Hawaii</subfield><subfield code="c">Honolulu</subfield><subfield code="d">Honolulu.</subfield></datafield><datafield ind1="0" ind2="0" tag="780"><subfield code="t">Hawaii free press</subfield><subfield code="w">(DLC)sn 84045372</subfield><subfield code="w">(OCoLC)11471328</subfield></datafield><datafield ind1=" " ind2=" " tag="850"><subfield code="a">KU-S</subfield></datafield></record>